<record><leader>00000cas a2200000 a 4500</leader><controlfield tag="001">5584912</controlfield><controlfield tag="008">791025c19729999vauwn ne      0    0eng c</controlfield><datafield ind1=" " ind2=" " tag="010"><subfield code="a">sn 97067061 </subfield></datafield><datafield ind1=" " ind2=" " tag="040"><subfield code="a">VWM</subfield><subfield code="b">eng</subfield><subfield code="c">VWM</subfield><subfield code="d">NVK</subfield><subfield code="d">NYS</subfield><subfield code="d">OCLCQ</subfield><subfield code="d">OCLCF</subfield><subfield code="d">OCLCO</subfield></datafield><datafield ind1="1" ind2=" " tag="029"><subfield code="a">AU@</subfield><subfield code="b">000022831273</subfield></datafield><datafield ind1=" " ind2=" " tag="037"><subfield code="b">William &amp; Mary News Office, Holmes House, 308 Jamestown Rd., Williamsburg, VA, 23187-8795</subfield></datafield><datafield ind1=" " ind2=" " tag="042"><subfield code="a">pcc</subfield></datafield><datafield ind1=" " ind2=" " tag="043"><subfield code="a">n-us-va</subfield></datafield><datafield ind1=" " ind2=" " tag="090"><subfield code="a">LD6051</subfield><subfield code="b">.W48</subfield></datafield><datafield ind1="0" ind2="0" tag="245"><subfield code="a">William and Mary news.</subfield></datafield><datafield ind1="1" ind2=" " tag="246"><subfield code="i">Issued as:</subfield><subfield code="a">News</subfield><subfield code="f">Sept. 11-Oct. 31, 1984</subfield></datafield><datafield ind1="1" ind2=" " tag="246"><subfield code="i">Issued as:</subfield><subfield code="a">W &amp; M news</subfield><subfield code="f">&lt;Apr. 27, 2001&gt;</subfield></datafield><datafield ind1=" " ind2=" " tag="260"><subfield code="a">Williamsburg, Va. :</subfield><subfield code="b">Office of University Communications, College of William and Mary,</subfield><subfield code="c">1972-</subfield></datafield><datafield ind1=" " ind2=" " tag="310"><subfield code="a">Weekly (except when College is in recess and twice each month in June, July and Aug.)</subfield></datafield><datafield ind1="0" ind2=" " tag="362"><subfield code="a">Vol. 1, no. 1 (Sept. 12, 1972)-</subfield></datafield><datafield ind1=" " ind2=" " tag="500"><subfield code="a">"A Newspaper for Faculty, Staff and Students."</subfield></datafield><datafield ind1=" " ind2=" " tag="588"><subfield code="a">Latest issue consulted: Vol. 30, no. 16 (Apr. 27, 2001).</subfield></datafield><datafield ind1="2" ind2="0" tag="610"><subfield code="a">College of William and Mary.</subfield></datafield><datafield ind1="2" ind2="0" tag="610"><subfield code="a">College of William and Mary</subfield><subfield code="v">Newspapers.</subfield></datafield><datafield ind1=" " ind2="0" tag="651"><subfield code="a">Williamsburg (Va.)</subfield><subfield code="v">Newspapers.</subfield></datafield><datafield ind1=" " ind2="7" tag="655"><subfield code="a">Newspapers.</subfield><subfield code="2">fast</subfield><subfield code="0">(OCoLC)fst01423814</subfield></datafield><datafield ind1="2" ind2="7" tag="610"><subfield code="a">College of William and Mary.</subfield><subfield code="2">fast</subfield><subfield code="0">(OCoLC)fst00540565</subfield></datafield><datafield ind1=" " ind2="7" tag="651"><subfield code="a">Virginia</subfield><subfield code="z">Williamsburg.</subfield><subfield code="2">fast</subfield><subfield code="0">(OCoLC)fst01205036</subfield></datafield><datafield ind1="2" ind2=" " tag="710"><subfield code="a">College of William and Mary.</subfield><subfield code="b">Office of University Communications.</subfield></datafield><datafield ind1=" " ind2=" " tag="752"><subfield code="a">United States</subfield><subfield code="b">Virginia</subfield><subfield code="d">Williamsburg.</subfield></datafield><datafield ind1="0" ind2="4" tag="780"><subfield code="t">College record</subfield></datafield><datafield ind1="0" ind2="4" tag="780"><subfield code="t">Colleague</subfield></datafield><datafield ind1="4" ind2="2" tag="856"><subfield code="u">http://www.wm.edu/webtest/wmnews/html/index.php</subfield></datafield></record>